<?xml version="1.0" encoding="UTF-8"?><collection xmlns="http://www.loc.gov/MARC21/slim"><record><leader>00430nam--2200169-i-4500</leader><controlfield tag="001">000046966</controlfield><controlfield tag="002">20161230</controlfield><controlfield tag="005">20170122112059</controlfield><controlfield tag="008">060222s1000------------r-----000-0-eng-d</controlfield><datafield ind1=" " ind2=" " tag="100"><subfield code="a">Watt, George W</subfield></datafield><datafield ind1=" " ind2=" " tag="245"><subfield code="a">The science of chemistry</subfield></datafield><datafield ind1=" " ind2=" " tag="250"><subfield code="a">second edition</subfield></datafield><datafield ind1=" " ind2=" " tag="260"><subfield code="a">New York</subfield><subfield code="b">Mcgraw-hill Book Co.Inc</subfield><subfield code="c">1954</subfield></datafield><datafield ind1=" " ind2=" " tag="300"><subfield code="a">X+546 p., 193 fig</subfield></datafield><datafield ind1=" " ind2=" " tag="700"><subfield code="a">Hatch, L. F</subfield></datafield><datafield ind1=" " ind2=" " tag="852"><subfield code="a">14512</subfield></datafield><datafield ind1=" " ind2=" " tag="CAT"><subfield code="a">SYS</subfield><subfield code="c">20170122</subfield><subfield code="h">112059</subfield></datafield></record></collection>